@book{weilkiens2011systems,
  title={Systems Engineering with SysML/UML: Modeling, Analysis, Design},
  author={Weilkiens, Tim and Oestereich, Bernd},
  year={2011},
  publisher={Morgan Kaufmann}
}

